<record><leader>00000cas a22000007a 4500</leader><controlfield tag="001">28513223</controlfield><controlfield tag="008">930726u1988uuuuscucr ne      0    0eng d</controlfield><datafield ind1=" " ind2=" " tag="010"><subfield code="a">sn 93067876 </subfield></datafield><datafield ind1=" " ind2=" " tag="040"><subfield code="a">SVN</subfield><subfield code="b">eng</subfield><subfield code="c">SVN</subfield><subfield code="d">OCLCQ</subfield></datafield><datafield ind1=" " ind2=" " tag="042"><subfield code="a">msc</subfield></datafield><datafield ind1="0" ind2="0" tag="245"><subfield code="a">Hilton Head sun.</subfield></datafield><datafield ind1=" " ind2=" " tag="260"><subfield code="a">Hilton Head, S.C. :</subfield><subfield code="b">ENS Communications</subfield></datafield><datafield ind1=" " ind2=" " tag="300"><subfield code="a">v.</subfield></datafield><datafield ind1=" " ind2=" " tag="310"><subfield code="a">Semiweekly,</subfield><subfield code="b">Mar. 26, 1988-</subfield></datafield><datafield ind1=" " ind2=" " tag="321"><subfield code="a">Weekly,</subfield><subfield code="b">Feb. 24 - Mar. 23, 1988</subfield></datafield><datafield ind1="1" ind2=" " tag="362"><subfield code="a">Began in 1988?</subfield></datafield><datafield ind1=" " ind2=" " tag="588"><subfield code="a">Description based on: Feb. 24, 1988.</subfield></datafield><datafield ind1=" " ind2="4" tag="651"><subfield code="a">Beaufort County (S.C.)</subfield><subfield code="v">Newspapers.</subfield></datafield><datafield ind1=" " ind2=" " tag="752"><subfield code="a">United States</subfield><subfield code="b">South Carolina</subfield><subfield code="c">Beaufort</subfield><subfield code="d">Hilton Head.</subfield></datafield><datafield ind1="0" ind2="5" tag="780"><subfield code="t">Hilton Head report</subfield><subfield code="w">(DLC)sn 93067892</subfield></datafield><datafield ind1="1" ind2=" " tag="029"><subfield code="a">AU@</subfield><subfield code="b">000025894681</subfield></datafield></record>